<?xml version="1.0" encoding="utf-8"?>
<record xmlns="http://www.loc.gov/MARC21/slim" xmlns:xsi="http://www.w3.org/2001/XMLSchema-instance" xsi:schemaLocation="http://www.loc.gov/MARC21/slim http://www.loc.gov/standards/marcxml/schema/MARC21slim.xsd">
	<leader>     nam a22        4500</leader>
	<controlfield tag="001">b12788661</controlfield>
	<controlfield tag="003">LeBAU</controlfield>
	<controlfield tag="006">m        d        </controlfield>
	<controlfield tag="007">cr cn |||m|||a</controlfield>
	<controlfield tag="008">161219s1947    le      o     ||0 0 ara d</controlfield>
	<datafield ind1=" " ind2=" " tag="040">
		<subfield code="a">NNU</subfield>
		<subfield code="b">ara</subfield>
		<subfield code="e">rda</subfield>
		<subfield code="c">NNU</subfield>
	</datafield>
	<datafield ind1="0" ind2="4" tag="082">
		<subfield code="a">349.569</subfield>
		<subfield code="2">22</subfield>
	</datafield>
	<datafield ind1="1" ind2=" " tag="110">
		<subfield code="6">880-01</subfield>
		<subfield code="a">Lebanon.</subfield>
		<subfield code="b">Wizārat al-‘Adl,</subfield>
		<subfield code="e">issuing body.</subfield>
	</datafield>
	<datafield ind1="1" ind2="0" tag="240">
		<subfield code="6">880-02</subfield>
		<subfield code="a">Lubnān. Qawānīn, ilakh</subfield>
	</datafield>
	<datafield ind1="1" ind2="0" tag="245">
		<subfield code="6">880-03</subfield>
		<subfield code="a">Fihris; qarārāt al-mufawwaḍiyah al-‘ulyā wa-al-mandūbīyah al-‘āmmah al-Faransīyah sābiqan al-manshūrah fī al-nashrah al-rasmīyah lil-mufawwaḍiyah al-‘ulyā mundhu sanat 1920 ilá 1944; jadwal bi-alqarārāt al-ṣādirah mundhu sanat 1920 ilá 1938 wa-al-ghayr mulghāt ṣarāḥatan; jadwal bi-al-qarārāt allatī ulghiyat bi-nuṣūṣ tashrī‘īyah ṣādirah ba‘da sanat 1938 /</subfield>
		<subfield code="c">al-Jumhūrīyah al-Lubnānīyah, Wazārat al-‘Adl.</subfield>
	</datafield>
	<datafield ind1=" " ind2="1" tag="264">
		<subfield code="6">880-04</subfield>
		<subfield code="a">Bayrūt :</subfield>
		<subfield code="b">Maṭba‘at Dār al-Funūn,</subfield>
		<subfield code="c">1947.</subfield>
	</datafield>
	<datafield ind1=" " ind2=" " tag="300">
		<subfield code="6">880-05</subfield>
		<subfield code="a">online resource (t, 105 pages)</subfield>
	</datafield>
	<datafield ind1=" " ind2=" " tag="336">
		<subfield code="a">text</subfield>
		<subfield code="2">rdacontent</subfield>
	</datafield>
	<datafield ind1=" " ind2=" " tag="337">
		<subfield code="a">computer</subfield>
		<subfield code="2">rdamedia</subfield>
	</datafield>
	<datafield ind1=" " ind2=" " tag="338">
		<subfield code="a">online resource</subfield>
		<subfield code="2">rdacarrier</subfield>
	</datafield>
	<datafield ind1=" " ind2=" " tag="500">
		<subfield code="a">عنوان تجليد: فهرس قرارات المفوضية العليا.</subfield>
	</datafield>
	<datafield ind1=" " ind2=" " tag="500">
		<subfield code="a">Part of the Arabic Collections Online (ACO) project, contributed by American University of Beirut's Jafet Memorial Library.</subfield>
	</datafield>
	<datafield ind1="0" ind2="0" tag="505">
		<subfield code="t"> فهرس:</subfield>
		<subfield code="g">1.</subfield>
		<subfield code="t">قرارات المفوضية العليا والمندوبية العامة الفرنسية سابقا المنشورة في النشرة الرسمية للمفوضية العليا منذ سنة 1920 إلى 1944 --</subfield>
		<subfield code="g">2.</subfield>
		<subfield code="t">جدول بالقرارات الصادرة منذ سنة 1920 إلى 1938 والغير ملغاة صراحة --</subfield>
		<subfield code="g">3.</subfield>
		<subfield code="t">جدول بالقرارات التي ألغيت بنصوص تشريعية صادرة بعد سنة 1938.</subfield>
	</datafield>
	<datafield ind1=" " ind2=" " tag="533">
		<subfield code="a">Electronic reproduction.</subfield>
		<subfield code="b">New York, N.Y. :</subfield>
		<subfield code="c">New York University,</subfield>
		<subfield code="d">2016.</subfield>
		<subfield code="5">NNU</subfield>
	</datafield>
	<datafield ind1=" " ind2="4" tag="650">
		<subfield code="a">الجرائد الرسمية</subfield>
		<subfield code="z">لبنان</subfield>
		<subfield code="v">فهارس.</subfield>
	</datafield>
	<datafield ind1=" " ind2="0" tag="650">
		<subfield code="a">Gazettes</subfield>
		<subfield code="z">Lebanon</subfield>
		<subfield code="v">Indexes.</subfield>
	</datafield>
	<datafield ind1="2" ind2=" " tag="710">
		<subfield code="a">Jafet Memorial Library.</subfield>
	</datafield>
	<datafield ind1="0" ind2=" " tag="730">
		<subfield code="a">Arabic Collections Online.</subfield>
	</datafield>
	<datafield ind1="0" ind2="8" tag="776">
		<subfield code="i">Print version:</subfield>
		<subfield code="a">Lebanon. Wizārat al-‘Adl, issuing body.</subfield>
		<subfield code="t">Fihris; qarārāt al-mufawwaḍiyah al-‘ulyā wa-al-mandūbīyah al-‘āmmah al-Faransīyah sābiqan al-manshūrah fī al-nashrah al-rasmīyah lil-mufawwaḍiyah al-‘ulyā mundhu sanat 1920 ilá 1944; jadwal bi-alqarārāt al-ṣādirah mundhu sanat 1920 ilá 1938 wa-al-ghayr mulghāt ṣarāḥatan; jadwal bi-al-qarārāt allatī ulghiyat bi-nuṣūṣ tashrī‘īyah ṣādirah ba‘da sanat 1938</subfield>
		<subfield code="w">(LeBAU)b12788661</subfield>
	</datafield>
	<datafield ind1="4" ind2="0" tag="856">
		<subfield code="u">http://hdl.handle.net/2333.1/0p2ngk99</subfield>
	</datafield>
	<datafield ind1="1" ind2=" " tag="880">
		<subfield code="6">110-01/(3/r</subfield>
		<subfield code="a">لبنان.</subfield>
		<subfield code="b">وزارة العدل،</subfield>
		<subfield code="e">مؤلف. </subfield>
		<subfield code="4">aut.</subfield>
	</datafield>
	<datafield ind1="1" ind2="0" tag="880">
		<subfield code="6">240-02</subfield>
		<subfield code="a">لبنان. قوانين، الخ</subfield>
	</datafield>
	<datafield ind1="1" ind2="0" tag="880">
		<subfield code="6">245-03/(3/r</subfield>
		<subfield code="a">فهرس؛ قرارات المفوضية العليا و المندوبية العامة الفرنسية سابقا المنشورة في النشرة الرسمية للمفوضية العليا منذ سنة 1920 إلى 1944؛ جدول بالقرارات الصادرة منذ سنة 1920 إلى 1938 والغير ملغاة صراحة؛ جدول بالقرارات التي ألغيت بنصوص تشريعية صادرة بعد سنة 1938 /</subfield>
		<subfield code="c">الجمهورية اللبنانية، وزارة العدل.</subfield>
	</datafield>
	<datafield ind1=" " ind2="1" tag="880">
		<subfield code="6">264-04/(3/r</subfield>
		<subfield code="a">بيروت :</subfield>
		<subfield code="b">مطبعة دار الفنون،</subfield>
		<subfield code="c">1947.</subfield>
	</datafield>
	<datafield ind1=" " ind2=" " tag="880">
		<subfield code="6">300-05/(3/r</subfield>
		<subfield code="a"> ط ، 105 صفحات ؛</subfield>
		<subfield code="c">28 سم</subfield>
	</datafield>
	<datafield ind1=" " ind2=" " tag="959">
		<subfield code="a">NNU</subfield>
		<subfield code="b">WEB</subfield>
		<subfield code="c">GENI</subfield>
		<subfield code="t">0</subfield>
		<subfield code="m">Electronic access</subfield>
		<subfield code="s">01</subfield>
	</datafield>
	<datafield ind1=" " ind2=" " tag="999">
		<subfield code="i">LeBAU_b12788661</subfield>
		<subfield code="s">aub_aco000215</subfield>
		<subfield code="e">(ERROR-MISC)</subfield>
	</datafield>
</record>
